



 @MISC{weka,
 author = {M. Hall, E. Frank, G. Holmes, B. Pfahringer, P. Reutemann, I. H. Witten},
 title = {The WEKA Data Mining Software: An Update; SIGKDD Explorations},
 year = {2009},
 volume = {11},
 number = {1}
 }


 @book{krzysko,
	author =  {M. Krzyśko, W. Wołyński, T. Górecki, M. Skorzybut},
	title = {Systemy uczące się Rozpoznawanie wzorców analiza skupień i redukcja wymiarowości },
	publisher = {Wydawnictwo Naukowo-Techniczne},
	pages = {400},
	year = {2008}
 }
 
 
 @phdthesis{Karla,
    author = {Karla Brkic},
    school = {Department of Electronics, Microelectronics, Computer and Intelligent Systems},
    title = {An overview of traffic sign detection methods}
 }
 

 
 @Article{GuyonEtAl02,
  author =	{Guyon and Weston and Barnhill and Vapnik},
  title =	{Gene Selection for Cancer Classification using Support Vector Machines},
  journal =	{MACHLEARN: Machine Learning},
  volume =	{46},
  year = 	{2002}
}
